<?xml version="1.0" encoding="UTF-8"?>
<OAI-PMH xmlns="http://www.openarchives.org/OAI/2.0/" xmlns:xsi="http://www.w3.org/2001/XMLSchema-instance" xsi:schemaLocation="http://www.openarchives.org/OAI/2.0/ http://www.openarchives.org/OAI/2.0/OAI-PMH.xsd">
<ListRecords>
<record>
<header status="updated">
<identifier>urm_publish:71311156660002121</identifier>
</header>
<metadata>
<record xmlns="http://www.loc.gov/MARC21/slim" xmlns:xsi="http://www.w3.org/2001/XMLSchema-instance" xsi:schemaLocation="http://www.loc.gov/MARC21/slim http://www.loc.gov/standards/marcxml/schema/MARC21slim.xsd" ><leader>01323mcm a2200385 a 4500</leader><controlfield tag="005">20120224160502.0</controlfield><controlfield tag="008">980420t19961996gw zze   i     n    zxx d</controlfield><controlfield tag="001">999842470202121</controlfield><datafield tag="024" ind1="2" ind2=" "><subfield code="a">M001112505</subfield></datafield><datafield tag="028" ind1="3" ind2="2"><subfield code="a">ED 8443</subfield><subfield code="b">Schott</subfield></datafield><datafield tag="035" ind1=" " ind2=" "><subfield code="a">(OCoLC)38980792</subfield></datafield><datafield tag="035" ind1=" " ind2=" "><subfield code="9">AXM0945UW</subfield></datafield><datafield tag="035" ind1=" " ind2=" "><subfield code="a">(WU)4204790-uwmadisondb</subfield></datafield><datafield tag="040" ind1=" " ind2=" "><subfield code="a">IRU</subfield><subfield code="b">eng</subfield><subfield code="c">IRU</subfield><subfield code="d">GZM</subfield></datafield><datafield tag="041" ind1="0" ind2=" "><subfield code="g">eng</subfield><subfield code="g">fre</subfield><subfield code="g">ger</subfield></datafield><datafield tag="045" ind1="1" ind2=" "><subfield code="b">d1877</subfield></datafield><datafield tag="048" ind1=" " ind2=" "><subfield code="a">sa01</subfield><subfield code="a">sc01</subfield><subfield code="a">ka01</subfield></datafield><datafield tag="049" ind1=" " ind2=" "><subfield code="a">GZZ+</subfield></datafield><datafield tag="090" ind1=" " ind2=" "><subfield code="a">M312</subfield><subfield code="b">.S92 no.1, 1996</subfield></datafield><datafield tag="100" ind1="1" ind2=" "><subfield code="a">Strauss, Richard,</subfield><subfield code="d">1864-1949.</subfield><subfield code="2">LCNAMES</subfield><subfield code="0">41-LIBRARY_OF_CONGRESS-n  79041680</subfield><subfield code="9">Y</subfield></datafield><datafield tag="240" ind1="1" ind2="0"><subfield code="a">Trios,</subfield><subfield code="m">piano, strings,</subfield><subfield code="n">no. 1, AV 37,</subfield><subfield code="r">A major</subfield></datafield><datafield tag="245" ind1="1" ind2="0"><subfield code="a">Trio Nr. 1, A-Dur :</subfield><subfield code="b">für Klavier, Violine und Violoncello = for piano, violin and violoncello : o. Op.AV.37 (1877) /</subfield><subfield code="c">Richard Strauss.</subfield></datafield><datafield tag="246" ind1="3" ind2="1"><subfield code="a">for piano, violin and violoncello : o. Op.AV.37 (1877)</subfield></datafield><datafield tag="250" ind1=" " ind2=" "><subfield code="a">Erstausg. = first edition.</subfield></datafield><datafield tag="264" ind1=" " ind2="1"><subfield code="a">Mainz ;</subfield><subfield code="a">New York :</subfield><subfield code="b">Schott,</subfield><subfield code="c">[1996]</subfield></datafield><datafield tag="264" ind1=" " ind2="4"><subfield code="c">©1996</subfield></datafield><datafield tag="300" ind1=" " ind2=" "><subfield code="a">1 score (36 pages) + 2 parts (7 pages ea.) ;</subfield><subfield code="c">31 cm</subfield></datafield><datafield tag="306" ind1=" " ind2=" "><subfield code="a">001400</subfield></datafield><datafield tag="336" ind1=" " ind2=" "><subfield code="a">notated music</subfield><subfield code="b">ntm</subfield><subfield code="2">rdacontent</subfield></datafield><datafield tag="337" ind1=" " ind2=" "><subfield code="a">unmediated</subfield><subfield code="b">n</subfield><subfield code="2">rdamedia</subfield></datafield><datafield tag="338" ind1=" " ind2=" "><subfield code="a">volume</subfield><subfield code="b">nc</subfield><subfield code="2">rdacarrier</subfield></datafield><datafield tag="500" ind1=" " ind2=" "><subfield code="a">Duration: ca. 14:00.</subfield></datafield><datafield tag="546" ind1=" " ind2=" "><subfield code="a">Preface in English, French and German by Stephan Kohler.</subfield></datafield><datafield tag="650" ind1=" " ind2="0"><subfield code="a">Piano trios</subfield><subfield code="v">Scores and parts.</subfield><subfield code="2">LCSH</subfield><subfield code="0">41-LIBRARY_OF_CONGRESS-sh 85101839</subfield><subfield code="9">Y</subfield></datafield><datafield tag="997" ind1=" " ind2=" "><subfield code="a">MARCIVE</subfield></datafield><datafield tag="100" ind1="1" ind2=" "><subfield code="a">Straus, Rikhard,</subfield><subfield code="d">1864-1949</subfield><subfield code="2">LCNAMES</subfield><subfield code="0">41-LIBRARY_OF_CONGRESS-n  79041680</subfield><subfield code="9">N</subfield></datafield><datafield tag="100" ind1="1" ind2=" "><subfield code="a">Shtraus, Rikhard,</subfield><subfield code="d">1864-1949</subfield><subfield code="2">LCNAMES</subfield><subfield code="0">41-LIBRARY_OF_CONGRESS-n  79041680</subfield><subfield code="9">N</subfield></datafield><datafield tag="100" ind1="1" ind2=" "><subfield code="a">Strauss, Rich.</subfield><subfield code="q">(Richard),</subfield><subfield code="d">1864-1949</subfield><subfield code="2">LCNAMES</subfield><subfield code="0">41-LIBRARY_OF_CONGRESS-n  79041680</subfield><subfield code="9">N</subfield></datafield><datafield tag="100" ind1="1" ind2=" "><subfield code="a">Strauss, R.</subfield><subfield code="q">(Richard),</subfield><subfield code="d">1864-1949</subfield><subfield code="2">LCNAMES</subfield><subfield code="0">41-LIBRARY_OF_CONGRESS-n  79041680</subfield><subfield code="9">N</subfield></datafield><datafield tag="INST" ind1=" " ind2=" "><subfield code="a">01UWI_NETWORK</subfield><subfield code="b">P</subfield><subfield code="c">71311156660002121</subfield></datafield><datafield tag="INST" ind1=" " ind2=" "><subfield code="a">01UWI_MAD</subfield><subfield code="b">P</subfield><subfield code="c">21612685680002122</subfield></datafield><datafield tag="AVA" ind1=" " ind2=" "><subfield code="a">01UWI_MAD</subfield><subfield code="b">MUSIC</subfield><subfield code="c">Music Lending Location</subfield><subfield code="d">M312 S92 no.1 1996</subfield><subfield code="e">unavailable</subfield><subfield code="f">1</subfield><subfield code="g">1</subfield><subfield code="j">rslend</subfield><subfield code="k">0</subfield><subfield code="p">1</subfield><subfield code="q">Music Library (Mills)</subfield></datafield><datafield tag="MMS" ind1=" " ind2=" "><subfield code="b">999842470202121</subfield><subfield code="a">01UWI_NETWORK</subfield></datafield><datafield tag="MMS" ind1=" " ind2=" "><subfield code="b">9942047903602122</subfield><subfield code="a">01UWI_MAD</subfield></datafield></record>
</metadata>
</record>
</ListRecords>
</OAI-PMH>